<?xml version="1.0" encoding="UTF-8"?>
<record>
  <leader>03096nas a2200685#c 4500</leader>
  <controlfield tag="003">DE-605</controlfield>
  <controlfield tag="005">20230807195721.0</controlfield>
  <controlfield tag="007">tu</controlfield>
  <controlfield tag="008">991118d19661984gw u||p|  ||| 0||||1ger c</controlfield>
  <controlfield tag="001">990054301770206441</controlfield>
  <datafield tag="015" ind1=" " ind2=" ">
    <subfield code="a">86,A25,0785</subfield>
    <subfield code="2">dnb</subfield>
  </datafield>
  <datafield tag="016" ind1="7" ind2=" ">
    <subfield code="a">133469-4</subfield>
    <subfield code="2">DE-600</subfield>
  </datafield>
  <datafield tag="016" ind1="7" ind2=" ">
    <subfield code="a">010772626</subfield>
    <subfield code="2">DE-101</subfield>
  </datafield>
  <datafield tag="022" ind1=" " ind2=" ">
    <subfield code="a">0171-5224</subfield>
    <subfield code="0">http://worldcat.org/issn/0171-5224</subfield>
  </datafield>
  <datafield tag="035" ind1=" " ind2=" ">
    <subfield code="a">(DE-599)ZDB133469-4</subfield>
  </datafield>
  <datafield tag="035" ind1=" " ind2=" ">
    <subfield code="a">(OCoLC)183206499</subfield>
  </datafield>
  <datafield tag="035" ind1=" " ind2=" ">
    <subfield code="a">(DE-600)133469-4</subfield>
  </datafield>
  <datafield tag="035" ind1=" " ind2=" ">
    <subfield code="a">(DE-101)010772626</subfield>
  </datafield>
  <datafield tag="040" ind1=" " ind2=" ">
    <subfield code="a">9001</subfield>
    <subfield code="b">ger</subfield>
    <subfield code="c">DE-101</subfield>
    <subfield code="d">9999</subfield>
  </datafield>
  <datafield tag="041" ind1=" " ind2=" ">
    <subfield code="a">ger</subfield>
  </datafield>
  <datafield tag="044" ind1=" " ind2=" ">
    <subfield code="c">XA-DE</subfield>
  </datafield>
  <datafield tag="084" ind1=" " ind2=" ">
    <subfield code="a">40</subfield>
    <subfield code="a">61</subfield>
    <subfield code="a">640</subfield>
    <subfield code="q">DE-101</subfield>
    <subfield code="2">sdnb</subfield>
  </datafield>
  <datafield tag="084" ind1=" " ind2=" ">
    <subfield code="a">910</subfield>
    <subfield code="q">DE-600</subfield>
    <subfield code="2">sdnb</subfield>
  </datafield>
  <datafield tag="245" ind1="0" ind2="0">
    <subfield code="a">Reisen in Deutschland</subfield>
    <subfield code="b">deutsches Handbuch für Fremdenverkehr</subfield>
    <subfield code="n">Band 2, Reisegebiete in Berlin (West), Bremen, Hamburg, Nordrhein-Westfalen, Niedersachsen, Rheinland-Pfalz, Saarland, Schleswig-Holstein</subfield>
    <subfield code="c">hrsg. im Auftrag des Deutschen Fremdenverkehrsverbandes e.V. Frankfurt/Main und in Zusammenarbeit mit dem Deutschen Bäderverband e.V</subfield>
  </datafield>
  <datafield tag="246" ind1="1" ind2="3">
    <subfield code="a">Reisen in Deutschland / 2</subfield>
  </datafield>
  <datafield tag="247" ind1="0" ind2="0">
    <subfield code="a">Bayern</subfield>
    <subfield code="f">Sachl. Benennung bis 25.1975</subfield>
  </datafield>
  <datafield tag="264" ind1="3" ind2="1">
    <subfield code="a">Darmstadt</subfield>
    <subfield code="b">Jaeger</subfield>
    <subfield code="c">1966-1984</subfield>
  </datafield>
  <datafield tag="336" ind1=" " ind2=" ">
    <subfield code="b">txt</subfield>
  </datafield>
  <datafield tag="337" ind1=" " ind2=" ">
    <subfield code="b">n</subfield>
  </datafield>
  <datafield tag="338" ind1=" " ind2=" ">
    <subfield code="b">nc</subfield>
  </datafield>
  <datafield tag="362" ind1="0" ind2=" ">
    <subfield code="a">19.[1966] - 34.1984</subfield>
  </datafield>
  <datafield tag="363" ind1="0" ind2="0">
    <subfield code="8">1.1\x</subfield>
    <subfield code="a">19</subfield>
    <subfield code="i">1966</subfield>
  </datafield>
  <datafield tag="363" ind1="1" ind2="0">
    <subfield code="8">1.2\x</subfield>
    <subfield code="a">34</subfield>
    <subfield code="i">1984</subfield>
  </datafield>
  <datafield tag="365" ind1=" " ind2=" ">
    <subfield code="b">kart. (Pr. nicht mitget.)</subfield>
  </datafield>
  <datafield tag="689" ind1="0" ind2="0">
    <subfield code="a">Deutschland</subfield>
    <subfield code="g">Bundesrepublik</subfield>
    <subfield code="D">g</subfield>
    <subfield code="0">(DE-588)4011889-7</subfield>
    <subfield code="0">https://portal.dnb.de/opac.htm?method=simpleSearch&amp;cqlMode=true&amp;query=idn=040118894</subfield>
    <subfield code="0">http://viaf.org/viaf/sourceID/DNB|040118894</subfield>
    <subfield code="B">GND-040118894</subfield>
  </datafield>
  <datafield tag="689" ind1="0" ind2="1">
    <subfield code="a">Tourismus</subfield>
    <subfield code="D">s</subfield>
    <subfield code="0">(DE-588)4018406-7</subfield>
    <subfield code="0">https://portal.dnb.de/opac.htm?method=simpleSearch&amp;cqlMode=true&amp;query=idn=040184064</subfield>
    <subfield code="0">http://viaf.org/viaf/sourceID/DNB|040184064</subfield>
    <subfield code="B">GND-040184064</subfield>
  </datafield>
  <datafield tag="689" ind1="0" ind2="2">
    <subfield code="a">Adressbuch</subfield>
    <subfield code="D">s</subfield>
    <subfield code="0">(DE-588)4141451-2</subfield>
    <subfield code="0">https://portal.dnb.de/opac.htm?method=simpleSearch&amp;cqlMode=true&amp;query=idn=041414519</subfield>
    <subfield code="0">http://viaf.org/viaf/sourceID/DNB|041414519</subfield>
    <subfield code="B">GND-041414519</subfield>
  </datafield>
  <datafield tag="689" ind1="0" ind2=" ">
    <subfield code="5">DE-600</subfield>
    <subfield code="5">DE-600</subfield>
  </datafield>
  <datafield tag="883" ind1="1" ind2=" ">
    <subfield code="8">2\p</subfield>
    <subfield code="a">kasw</subfield>
    <subfield code="c">1,000</subfield>
    <subfield code="d">20230807</subfield>
    <subfield code="q">DE-101</subfield>
    <subfield code="u">https://d-nb.info/provenance/plan#kasw</subfield>
  </datafield>
  <datafield tag="883" ind1="1" ind2=" ">
    <subfield code="8">3\p</subfield>
    <subfield code="a">kasw</subfield>
    <subfield code="c">1,000</subfield>
    <subfield code="d">20230807</subfield>
    <subfield code="q">DE-101</subfield>
    <subfield code="u">https://d-nb.info/provenance/plan#kasw</subfield>
  </datafield>
  <datafield tag="883" ind1="1" ind2=" ">
    <subfield code="8">4\p</subfield>
    <subfield code="a">kasw</subfield>
    <subfield code="c">1,000</subfield>
    <subfield code="d">20230807</subfield>
    <subfield code="q">DE-101</subfield>
    <subfield code="u">https://d-nb.info/provenance/plan#kasw</subfield>
  </datafield>
  <datafield tag="883" ind1="1" ind2=" ">
    <subfield code="8">5\p</subfield>
    <subfield code="a">kasw</subfield>
    <subfield code="c">1,000</subfield>
    <subfield code="d">20230807</subfield>
    <subfield code="q">DE-101</subfield>
    <subfield code="u">https://d-nb.info/provenance/plan#kasw</subfield>
  </datafield>
  <datafield tag="883" ind1="1" ind2=" ">
    <subfield code="8">6\p</subfield>
    <subfield code="a">kasw</subfield>
    <subfield code="c">1,000</subfield>
    <subfield code="d">20230807</subfield>
    <subfield code="q">DE-101</subfield>
    <subfield code="u">https://d-nb.info/provenance/plan#kasw</subfield>
  </datafield>
  <datafield tag="883" ind1="1" ind2=" ">
    <subfield code="8">7\p</subfield>
    <subfield code="a">kasw</subfield>
    <subfield code="c">1,000</subfield>
    <subfield code="d">20230807</subfield>
    <subfield code="q">DE-101</subfield>
    <subfield code="u">https://d-nb.info/provenance/plan#kasw</subfield>
  </datafield>
  <datafield tag="883" ind1="1" ind2=" ">
    <subfield code="8">8\p</subfield>
    <subfield code="a">kasw</subfield>
    <subfield code="c">1,000</subfield>
    <subfield code="d">20230807</subfield>
    <subfield code="q">DE-101</subfield>
    <subfield code="u">https://d-nb.info/provenance/plan#kasw</subfield>
  </datafield>
  <datafield tag="883" ind1="1" ind2=" ">
    <subfield code="8">9\p</subfield>
    <subfield code="a">kasw</subfield>
    <subfield code="c">1,000</subfield>
    <subfield code="d">20230807</subfield>
    <subfield code="q">DE-101</subfield>
    <subfield code="u">https://d-nb.info/provenance/plan#kasw</subfield>
  </datafield>
  <datafield tag="883" ind1="1" ind2=" ">
    <subfield code="8">10\p</subfield>
    <subfield code="a">kasw</subfield>
    <subfield code="c">1,000</subfield>
    <subfield code="d">20230807</subfield>
    <subfield code="q">DE-101</subfield>
    <subfield code="u">https://d-nb.info/provenance/plan#kasw</subfield>
  </datafield>
  <datafield tag="780" ind1="0" ind2="0">
    <subfield code="i">Vorg.:</subfield>
    <subfield code="t">Deutsches Handbuch für Fremdenverkehr / 2</subfield>
    <subfield code="d">Darmstadt : Jaeger, 1951-1962</subfield>
    <subfield code="w">(DE-600)133444-X</subfield>
  </datafield>
  <datafield tag="780" ind1="0" ind2="0">
    <subfield code="i">Darin teils aufgeg.</subfield>
    <subfield code="t">Reisen in Deutschland / 4</subfield>
    <subfield code="d">Darmstadt : Jaeger, 1965-1975</subfield>
    <subfield code="x">0171-5283</subfield>
    <subfield code="w">(DE-600)133471-2</subfield>
  </datafield>
  <datafield tag="785" ind1="0" ind2="0">
    <subfield code="i">Forts.:</subfield>
    <subfield code="t">Reisen in Deutschland</subfield>
    <subfield code="d">Darmstadt : Reisen-in-Deutschland-Verl.-Ges., 1985-2002</subfield>
    <subfield code="x">0177-2953</subfield>
    <subfield code="w">(DE-600)133467-0</subfield>
  </datafield>
  <datafield tag="650" ind1=" " ind2="7">
    <subfield code="a">Hotel- und Gaststättengewerbe</subfield>
    <subfield code="2">local</subfield>
  </datafield>
  <datafield tag="651" ind1=" " ind2="7">
    <subfield code="a">Berlin</subfield>
    <subfield code="2">local</subfield>
  </datafield>
  <datafield tag="651" ind1=" " ind2="7">
    <subfield code="a">Bremen</subfield>
    <subfield code="2">local</subfield>
  </datafield>
  <datafield tag="651" ind1=" " ind2="7">
    <subfield code="a">Hamburg</subfield>
    <subfield code="2">local</subfield>
  </datafield>
  <datafield tag="651" ind1=" " ind2="7">
    <subfield code="a">Nordrhein-Westfalen</subfield>
    <subfield code="2">local</subfield>
  </datafield>
  <datafield tag="651" ind1=" " ind2="7">
    <subfield code="a">Niedersachsen</subfield>
    <subfield code="2">local</subfield>
  </datafield>
  <datafield tag="651" ind1=" " ind2="7">
    <subfield code="a">Rheinland-Pfalz</subfield>
    <subfield code="2">local</subfield>
  </datafield>
  <datafield tag="651" ind1=" " ind2="7">
    <subfield code="a">Saarland</subfield>
    <subfield code="2">local</subfield>
  </datafield>
  <datafield tag="651" ind1=" " ind2="7">
    <subfield code="a">Schleswig-Holstein</subfield>
    <subfield code="2">local</subfield>
  </datafield>
  <datafield tag="655" ind1=" " ind2="7">
    <subfield code="a">Zeitschrift</subfield>
    <subfield code="0">(DE-588)4067488-5</subfield>
    <subfield code="2">gnd-content</subfield>
    <subfield code="B">GND-040674886</subfield>
  </datafield>
  <datafield tag="MBD" ind1=" " ind2=" ">
    <subfield code="M">49HBZ_NETWORK</subfield>
    <subfield code="i">990054301770206441</subfield>
    <subfield code="n">HBZ Network</subfield>
  </datafield>
  <datafield tag="MBD" ind1=" " ind2=" ">
    <subfield code="M">49HBZ_DET</subfield>
    <subfield code="i">991001699879706480</subfield>
    <subfield code="n">Hochschule fur Musik Detmold</subfield>
  </datafield>
  <datafield tag="MBD" ind1=" " ind2=" ">
    <subfield code="M">49HBZ_BRIDGE_LBZ</subfield>
    <subfield code="i">99157455107506</subfield>
    <subfield code="n">Rheinische Landesbibliothek Koblenz</subfield>
  </datafield>
  <datafield tag="MBD" ind1=" " ind2=" ">
    <subfield code="M">49HBZ_BRIDGE_WBT</subfield>
    <subfield code="i">9948877607826</subfield>
    <subfield code="n">Stadtbibliothek Trier</subfield>
  </datafield>
  <datafield tag="MBD" ind1=" " ind2=" ">
    <subfield code="M">49HBZ_UBD</subfield>
    <subfield code="i">991007182009706445</subfield>
    <subfield code="n">Technische Universität Dortmund</subfield>
  </datafield>
  <datafield tag="MBD" ind1=" " ind2=" ">
    <subfield code="M">49HBZ_UBK</subfield>
    <subfield code="i">991006854619706476</subfield>
    <subfield code="n">Universität Köln</subfield>
  </datafield>
  <datafield tag="MBD" ind1=" " ind2=" ">
    <subfield code="M">49HBZ_ULM</subfield>
    <subfield code="i">991026456139706449</subfield>
    <subfield code="n">Universität Münster</subfield>
  </datafield>
  <datafield tag="MNG" ind1=" " ind2=" ">
    <subfield code="c">System</subfield>
    <subfield code="f">ZDB</subfield>
    <subfield code="i">marc21</subfield>
    <subfield code="h">20230807195721.0</subfield>
    <subfield code="k">01</subfield>
    <subfield code="e">false</subfield>
    <subfield code="d">2023-08-07 20:24:40 Europe/Berlin</subfield>
    <subfield code="g">005430177-HBZ01</subfield>
    <subfield code="j">90</subfield>
    <subfield code="a">import</subfield>
    <subfield code="b">2021-04-05 18:28:32 Europe/Berlin</subfield>
  </datafield>
  <datafield tag="H16" ind1="7" ind2=" ">
    <subfield code="a">133469-4</subfield>
    <subfield code="2">DE-600</subfield>
    <subfield code="8">2294873830006480</subfield>
  </datafield>
  <datafield tag="H35" ind1=" " ind2=" ">
    <subfield code="a">(DE-600)137602960</subfield>
    <subfield code="8">2294873830006480</subfield>
  </datafield>
  <datafield tag="H35" ind1=" " ind2=" ">
    <subfield code="a">137602960-49hbz_det</subfield>
    <subfield code="8">2294873830006480</subfield>
  </datafield>
  <datafield tag="H92" ind1=" " ind2=" ">
    <subfield code="a">490100-9</subfield>
    <subfield code="d">51</subfield>
    <subfield code="k">NRW</subfield>
    <subfield code="l">a</subfield>
    <subfield code="o">c</subfield>
    <subfield code="8">2294873830006480</subfield>
  </datafield>
  <datafield tag="H52" ind1="8" ind2="1">
    <subfield code="b">LLB</subfield>
    <subfield code="c">LLB_Magvl</subfield>
    <subfield code="8">1</subfield>
    <subfield code="h">K 3902(2)</subfield>
    <subfield code="9">00</subfield>
    <subfield code="9">09</subfield>
    <subfield code="x">DE-51</subfield>
    <subfield code="8">2294873830006480</subfield>
  </datafield>
  <datafield tag="H59" ind1="0" ind2="0">
    <subfield code="8">1.1\x</subfield>
    <subfield code="a">24</subfield>
    <subfield code="i">1973</subfield>
    <subfield code="8">2294873830006480</subfield>
  </datafield>
  <datafield tag="H66" ind1="3" ind2="0">
    <subfield code="a">24.1973</subfield>
    <subfield code="8">2294873830006480</subfield>
  </datafield>
  <datafield tag="HOL" ind1=" " ind2=" ">
    <subfield code="b">2023-08-14 14:51:00</subfield>
    <subfield code="8">2294873830006480</subfield>
    <subfield code="M">49HBZ_DET</subfield>
    <subfield code="g">false</subfield>
    <subfield code="a">import</subfield>
  </datafield>
  <datafield tag="H16" ind1="7" ind2=" ">
    <subfield code="a">133469-4</subfield>
    <subfield code="2">DE-600</subfield>
    <subfield code="8">2285922320007506</subfield>
  </datafield>
  <datafield tag="H35" ind1=" " ind2=" ">
    <subfield code="a">(DE-600)007518447</subfield>
    <subfield code="8">2285922320007506</subfield>
  </datafield>
  <datafield tag="H92" ind1=" " ind2=" ">
    <subfield code="a">670100-0</subfield>
    <subfield code="8">2285922320007506</subfield>
  </datafield>
  <datafield tag="H52" ind1="8" ind2="1">
    <subfield code="t">1</subfield>
    <subfield code="c">kA</subfield>
    <subfield code="h">Per. 5502</subfield>
    <subfield code="8">1</subfield>
    <subfield code="b">R0003</subfield>
    <subfield code="8">2285922320007506</subfield>
  </datafield>
  <datafield tag="H59" ind1="1" ind2="0">
    <subfield code="8">1.2\x</subfield>
    <subfield code="i">1984</subfield>
    <subfield code="a">34</subfield>
    <subfield code="8">2285922320007506</subfield>
  </datafield>
  <datafield tag="H59" ind1="0" ind2="0">
    <subfield code="8">1.1\x</subfield>
    <subfield code="a">26</subfield>
    <subfield code="i">1976</subfield>
    <subfield code="a">28</subfield>
    <subfield code="i">1978</subfield>
    <subfield code="8">2285922320007506</subfield>
  </datafield>
  <datafield tag="H66" ind1="3" ind2="0">
    <subfield code="a">26.1976 ; 28.1978 - 34.1984</subfield>
    <subfield code="8">2285922320007506</subfield>
  </datafield>
  <datafield tag="HOL" ind1=" " ind2=" ">
    <subfield code="d">2023-08-08 13:04:55</subfield>
    <subfield code="8">2285922320007506</subfield>
    <subfield code="b">2023-08-08 13:04:55</subfield>
    <subfield code="M">49HBZ_BRIDGE_LBZ</subfield>
    <subfield code="g">false</subfield>
    <subfield code="a">System</subfield>
    <subfield code="c">System</subfield>
  </datafield>
  <datafield tag="H16" ind1="7" ind2=" ">
    <subfield code="a">133469-4</subfield>
    <subfield code="2">DE-600</subfield>
    <subfield code="8">2224982290007826</subfield>
  </datafield>
  <datafield tag="H35" ind1=" " ind2=" ">
    <subfield code="a">(DE-600)00751848X</subfield>
    <subfield code="8">2224982290007826</subfield>
  </datafield>
  <datafield tag="H92" ind1=" " ind2=" ">
    <subfield code="a">558121-7</subfield>
    <subfield code="8">2224982290007826</subfield>
  </datafield>
  <datafield tag="H52" ind1="8" ind2="1">
    <subfield code="t">1</subfield>
    <subfield code="c">kA</subfield>
    <subfield code="a">DE-121</subfield>
    <subfield code="h">Z 1703</subfield>
    <subfield code="8">1</subfield>
    <subfield code="b">T0010</subfield>
    <subfield code="8">2224982290007826</subfield>
  </datafield>
  <datafield tag="H59" ind1="1" ind2="0">
    <subfield code="8">1.2\x</subfield>
    <subfield code="8">2224982290007826</subfield>
  </datafield>
  <datafield tag="H59" ind1="0" ind2="0">
    <subfield code="8">1.1\x</subfield>
    <subfield code="a">21</subfield>
    <subfield code="i">1967</subfield>
    <subfield code="a">25</subfield>
    <subfield code="i">1975</subfield>
    <subfield code="a">34</subfield>
    <subfield code="i">1984</subfield>
    <subfield code="8">2224982290007826</subfield>
  </datafield>
  <datafield tag="H66" ind1="3" ind2="0">
    <subfield code="a">21.1967; 25.1975; 34.1984</subfield>
    <subfield code="8">2224982290007826</subfield>
  </datafield>
  <datafield tag="HOL" ind1=" " ind2=" ">
    <subfield code="d">2023-08-08 13:04:58</subfield>
    <subfield code="8">2224982290007826</subfield>
    <subfield code="b">2023-08-08 13:04:58</subfield>
    <subfield code="M">49HBZ_BRIDGE_WBT</subfield>
    <subfield code="g">false</subfield>
    <subfield code="a">System</subfield>
    <subfield code="c">System</subfield>
  </datafield>
  <datafield tag="H16" ind1="7" ind2=" ">
    <subfield code="a">133469-4</subfield>
    <subfield code="2">DE-600</subfield>
    <subfield code="8">22216279800006476</subfield>
  </datafield>
  <datafield tag="H35" ind1=" " ind2=" ">
    <subfield code="a">(DE-600)007518420</subfield>
    <subfield code="8">22216279800006476</subfield>
  </datafield>
  <datafield tag="H35" ind1=" " ind2=" ">
    <subfield code="a">(DE-38)007518420-49hbz_ubk</subfield>
    <subfield code="8">22216279800006476</subfield>
  </datafield>
  <datafield tag="H92" ind1=" " ind2=" ">
    <subfield code="a">501000-7</subfield>
    <subfield code="d">38</subfield>
    <subfield code="k">NRW</subfield>
    <subfield code="l">a</subfield>
    <subfield code="o">c</subfield>
    <subfield code="8">22216279800006476</subfield>
  </datafield>
  <datafield tag="H52" ind1="8" ind2="1">
    <subfield code="b">38</subfield>
    <subfield code="c">38-ZS</subfield>
    <subfield code="8">1</subfield>
    <subfield code="h">EkFOL577</subfield>
    <subfield code="9">00</subfield>
    <subfield code="x">DE-38</subfield>
    <subfield code="8">22216279800006476</subfield>
  </datafield>
  <datafield tag="H59" ind1="0" ind2="0">
    <subfield code="8">1.1\x</subfield>
    <subfield code="a">20</subfield>
    <subfield code="i">1966</subfield>
    <subfield code="8">22216279800006476</subfield>
  </datafield>
  <datafield tag="H59" ind1="0" ind2="0">
    <subfield code="8">2.1\x</subfield>
    <subfield code="a">22</subfield>
    <subfield code="i">1969</subfield>
    <subfield code="8">22216279800006476</subfield>
  </datafield>
  <datafield tag="H59" ind1="0" ind2="0">
    <subfield code="8">3.1\x</subfield>
    <subfield code="a">32</subfield>
    <subfield code="i">1982</subfield>
    <subfield code="8">22216279800006476</subfield>
  </datafield>
  <datafield tag="H66" ind1="3" ind2="0">
    <subfield code="a">20.1966; 22.1969; 32.1982</subfield>
    <subfield code="8">22216279800006476</subfield>
  </datafield>
  <datafield tag="HOL" ind1=" " ind2=" ">
    <subfield code="b">2023-08-22 11:07:32</subfield>
    <subfield code="8">22216279800006476</subfield>
    <subfield code="M">49HBZ_UBK</subfield>
    <subfield code="g">false</subfield>
    <subfield code="a">import</subfield>
  </datafield>
  <datafield tag="H16" ind1="7" ind2=" ">
    <subfield code="a">133469-4</subfield>
    <subfield code="2">DE-600</subfield>
    <subfield code="8">22577982090006449</subfield>
  </datafield>
  <datafield tag="H35" ind1=" " ind2=" ">
    <subfield code="a">(DE-600)119598795</subfield>
    <subfield code="8">22577982090006449</subfield>
  </datafield>
  <datafield tag="H35" ind1=" " ind2=" ">
    <subfield code="a">(DE-6)119598795-49hbz_ulm</subfield>
    <subfield code="8">22577982090006449</subfield>
  </datafield>
  <datafield tag="H92" ind1=" " ind2=" ">
    <subfield code="k">NRW</subfield>
    <subfield code="l">b</subfield>
    <subfield code="o">d</subfield>
    <subfield code="a">441139-0</subfield>
    <subfield code="8">22577982090006449</subfield>
  </datafield>
  <datafield tag="H52" ind1="8" ind2="1">
    <subfield code="b">ALKU</subfield>
    <subfield code="c">ALKU_ZS</subfield>
    <subfield code="8">1</subfield>
    <subfield code="h">Fr 88</subfield>
    <subfield code="9">00</subfield>
    <subfield code="a">DE-6-139a</subfield>
    <subfield code="8">22577982090006449</subfield>
  </datafield>
  <datafield tag="H59" ind1="0" ind2="0">
    <subfield code="8">1.1\x</subfield>
    <subfield code="a">33</subfield>
    <subfield code="i">1983</subfield>
    <subfield code="8">22577982090006449</subfield>
  </datafield>
  <datafield tag="H66" ind1="3" ind2="0">
    <subfield code="a">33.1983</subfield>
    <subfield code="8">22577982090006449</subfield>
  </datafield>
  <datafield tag="HOL" ind1=" " ind2=" ">
    <subfield code="d">2023-06-02 13:11:37</subfield>
    <subfield code="8">22577982090006449</subfield>
    <subfield code="b">2022-07-11 12:08:36</subfield>
    <subfield code="M">49HBZ_ULM</subfield>
    <subfield code="g">false</subfield>
    <subfield code="a">import</subfield>
    <subfield code="c">System</subfield>
  </datafield>
  <datafield tag="GST" ind1=" " ind2=" ">
    <subfield code="a">Periodikum</subfield>
    <subfield code="A">GND-CONTENT</subfield>
    <subfield code="B">GND-040674886</subfield>
    <subfield code="C">450</subfield>
  </datafield>
  <datafield tag="GST" ind1=" " ind2=" ">
    <subfield code="a">Zeitschriften</subfield>
    <subfield code="A">GND-CONTENT</subfield>
    <subfield code="B">GND-040674886</subfield>
    <subfield code="C">450</subfield>
  </datafield>
  <datafield tag="GSI" ind1="7" ind2=" ">
    <subfield code="a">4067488-5</subfield>
    <subfield code="0">http://d-nb.info/gnd/4067488-5</subfield>
    <subfield code="2">gnd</subfield>
    <subfield code="A">GND-CONTENT</subfield>
    <subfield code="B">GND-040674886</subfield>
    <subfield code="C">024</subfield>
  </datafield>
  <datafield tag="GST" ind1=" " ind2=" ">
    <subfield code="a">Anschrift</subfield>
    <subfield code="x">Verzeichnis</subfield>
    <subfield code="A">GND</subfield>
    <subfield code="B">GND-041414519</subfield>
    <subfield code="C">450</subfield>
  </datafield>
  <datafield tag="GST" ind1=" " ind2=" ">
    <subfield code="a">Einwohnerbuch</subfield>
    <subfield code="A">GND</subfield>
    <subfield code="B">GND-041414519</subfield>
    <subfield code="C">450</subfield>
  </datafield>
  <datafield tag="GST" ind1=" " ind2=" ">
    <subfield code="a">Adressverzeichnis</subfield>
    <subfield code="A">GND</subfield>
    <subfield code="B">GND-041414519</subfield>
    <subfield code="C">450</subfield>
  </datafield>
  <datafield tag="GST" ind1=" " ind2=" ">
    <subfield code="a">Adressenverzeichnis</subfield>
    <subfield code="A">GND</subfield>
    <subfield code="B">GND-041414519</subfield>
    <subfield code="C">450</subfield>
  </datafield>
  <datafield tag="GST" ind1=" " ind2=" ">
    <subfield code="a">Adressbücher</subfield>
    <subfield code="A">GND</subfield>
    <subfield code="B">GND-041414519</subfield>
    <subfield code="C">450</subfield>
  </datafield>
  <datafield tag="GSI" ind1="7" ind2=" ">
    <subfield code="a">4141451-2</subfield>
    <subfield code="0">http://d-nb.info/gnd/4141451-2</subfield>
    <subfield code="2">gnd</subfield>
    <subfield code="A">GND</subfield>
    <subfield code="B">GND-041414519</subfield>
    <subfield code="C">024</subfield>
  </datafield>
  <datafield tag="GST" ind1=" " ind2=" ">
    <subfield code="a">Touristik</subfield>
    <subfield code="g">Fremdenverkehr</subfield>
    <subfield code="A">GND</subfield>
    <subfield code="B">GND-040184064</subfield>
    <subfield code="C">450</subfield>
  </datafield>
  <datafield tag="GST" ind1=" " ind2=" ">
    <subfield code="a">Fremdenverkehr</subfield>
    <subfield code="A">GND</subfield>
    <subfield code="B">GND-040184064</subfield>
    <subfield code="C">450</subfield>
  </datafield>
  <datafield tag="GSI" ind1="7" ind2=" ">
    <subfield code="a">4018406-7</subfield>
    <subfield code="0">http://d-nb.info/gnd/4018406-7</subfield>
    <subfield code="2">gnd</subfield>
    <subfield code="A">GND</subfield>
    <subfield code="B">GND-040184064</subfield>
    <subfield code="C">024</subfield>
  </datafield>
  <datafield tag="GSI" ind1="7" ind2=" ">
    <subfield code="a">4011889-7</subfield>
    <subfield code="0">http://d-nb.info/gnd/4011889-7</subfield>
    <subfield code="2">gnd</subfield>
    <subfield code="A">GND</subfield>
    <subfield code="B">GND-040118894</subfield>
    <subfield code="C">024</subfield>
  </datafield>
  <datafield tag="GGN" ind1=" " ind2=" ">
    <subfield code="a">Alemanha</subfield>
    <subfield code="g">Deutschland, Bundesrepublik</subfield>
    <subfield code="A">GND</subfield>
    <subfield code="B">GND-040118894</subfield>
    <subfield code="C">451</subfield>
  </datafield>
  <datafield tag="GGN" ind1=" " ind2=" ">
    <subfield code="a">Alemania</subfield>
    <subfield code="g">Deutschland, Bundesrepublik</subfield>
    <subfield code="A">GND</subfield>
    <subfield code="B">GND-040118894</subfield>
    <subfield code="C">451</subfield>
  </datafield>
  <datafield tag="GGN" ind1=" " ind2=" ">
    <subfield code="a">Allemagne</subfield>
    <subfield code="g">Deutschland, Bundesrepublik</subfield>
    <subfield code="A">GND</subfield>
    <subfield code="B">GND-040118894</subfield>
    <subfield code="C">451</subfield>
  </datafield>
  <datafield tag="GGN" ind1=" " ind2=" ">
    <subfield code="a">Almanija</subfield>
    <subfield code="g">Deutschland, Bundesrepublik</subfield>
    <subfield code="A">GND</subfield>
    <subfield code="B">GND-040118894</subfield>
    <subfield code="C">451</subfield>
  </datafield>
  <datafield tag="GGN" ind1=" " ind2=" ">
    <subfield code="a">Almāniyā</subfield>
    <subfield code="g">Deutschland, Bundesrepublik</subfield>
    <subfield code="A">GND</subfield>
    <subfield code="B">GND-040118894</subfield>
    <subfield code="C">451</subfield>
  </datafield>
  <datafield tag="GGN" ind1=" " ind2=" ">
    <subfield code="a">Bondsrepubliek Duitsland</subfield>
    <subfield code="g">Deutschland, Bundesrepublik</subfield>
    <subfield code="A">GND</subfield>
    <subfield code="B">GND-040118894</subfield>
    <subfield code="C">451</subfield>
  </datafield>
  <datafield tag="GGN" ind1=" " ind2=" ">
    <subfield code="a">BRD</subfield>
    <subfield code="4">abku</subfield>
    <subfield code="i">Abkuerzung</subfield>
    <subfield code="A">GND</subfield>
    <subfield code="B">GND-040118894</subfield>
    <subfield code="C">451</subfield>
  </datafield>
  <datafield tag="GGN" ind1=" " ind2=" ">
    <subfield code="a">BRD</subfield>
    <subfield code="g">1949-1990</subfield>
    <subfield code="A">GND</subfield>
    <subfield code="B">GND-040118894</subfield>
    <subfield code="C">451</subfield>
  </datafield>
  <datafield tag="GGN" ind1=" " ind2=" ">
    <subfield code="a">Bundesrepublik Deutschland</subfield>
    <subfield code="g">1949-1990</subfield>
    <subfield code="A">GND</subfield>
    <subfield code="B">GND-040118894</subfield>
    <subfield code="C">451</subfield>
  </datafield>
  <datafield tag="GGN" ind1=" " ind2=" ">
    <subfield code="a">Deutschland</subfield>
    <subfield code="g">1949-1990, Bundesrepublik</subfield>
    <subfield code="A">GND</subfield>
    <subfield code="B">GND-040118894</subfield>
    <subfield code="C">451</subfield>
  </datafield>
  <datafield tag="GGN" ind1=" " ind2=" ">
    <subfield code="a">Deutschland</subfield>
    <subfield code="x">Bundesrepublik</subfield>
    <subfield code="g">1949-1990</subfield>
    <subfield code="A">GND</subfield>
    <subfield code="B">GND-040118894</subfield>
    <subfield code="C">451</subfield>
  </datafield>
  <datafield tag="GGN" ind1=" " ind2=" ">
    <subfield code="a">Federal Republic of Germany</subfield>
    <subfield code="g">Deutschland, Bundesrepublik</subfield>
    <subfield code="A">GND</subfield>
    <subfield code="B">GND-040118894</subfield>
    <subfield code="C">451</subfield>
  </datafield>
  <datafield tag="GGN" ind1=" " ind2=" ">
    <subfield code="a">Förbundsrepubliken Tyskland</subfield>
    <subfield code="g">Deutschland, Bundesrepublik</subfield>
    <subfield code="A">GND</subfield>
    <subfield code="B">GND-040118894</subfield>
    <subfield code="C">451</subfield>
  </datafield>
  <datafield tag="GGN" ind1=" " ind2=" ">
    <subfield code="a">Förbundsrepublikken Tyskland</subfield>
    <subfield code="g">Deutschland, Bundesrepublik</subfield>
    <subfield code="A">GND</subfield>
    <subfield code="B">GND-040118894</subfield>
    <subfield code="C">451</subfield>
  </datafield>
  <datafield tag="GGN" ind1=" " ind2=" ">
    <subfield code="a">FRG</subfield>
    <subfield code="4">abku</subfield>
    <subfield code="i">Abkuerzung</subfield>
    <subfield code="A">GND</subfield>
    <subfield code="B">GND-040118894</subfield>
    <subfield code="C">451</subfield>
  </datafield>
  <datafield tag="GGN" ind1=" " ind2=" ">
    <subfield code="a">Germany</subfield>
    <subfield code="g">Deutschland, Bundesrepublik</subfield>
    <subfield code="A">GND</subfield>
    <subfield code="B">GND-040118894</subfield>
    <subfield code="C">451</subfield>
  </datafield>
  <datafield tag="GGN" ind1=" " ind2=" ">
    <subfield code="a">Németországi Szövetségi Kőztársaság</subfield>
    <subfield code="g">Deutschland, Bundesrepublik</subfield>
    <subfield code="A">GND</subfield>
    <subfield code="B">GND-040118894</subfield>
    <subfield code="C">451</subfield>
  </datafield>
  <datafield tag="GGN" ind1=" " ind2=" ">
    <subfield code="a">Niemiecka Republika Federalna Niemiecka Republika Federalna</subfield>
    <subfield code="A">GND</subfield>
    <subfield code="B">GND-040118894</subfield>
    <subfield code="C">451</subfield>
  </datafield>
  <datafield tag="GGN" ind1=" " ind2=" ">
    <subfield code="a">NRF</subfield>
    <subfield code="4">abku</subfield>
    <subfield code="i">Abkuerzung</subfield>
    <subfield code="A">GND</subfield>
    <subfield code="B">GND-040118894</subfield>
    <subfield code="C">451</subfield>
  </datafield>
  <datafield tag="GGN" ind1=" " ind2=" ">
    <subfield code="a">Repubblica Federale di Germania</subfield>
    <subfield code="g">Deutschland, Bundesrepublik</subfield>
    <subfield code="A">GND</subfield>
    <subfield code="B">GND-040118894</subfield>
    <subfield code="C">451</subfield>
  </datafield>
  <datafield tag="GGN" ind1=" " ind2=" ">
    <subfield code="a">Republic of Germany</subfield>
    <subfield code="g">Deutschland, Bundesrepublik</subfield>
    <subfield code="A">GND</subfield>
    <subfield code="B">GND-040118894</subfield>
    <subfield code="C">451</subfield>
  </datafield>
  <datafield tag="GGN" ind1=" " ind2=" ">
    <subfield code="a">República Federal da Alemanha</subfield>
    <subfield code="g">Deutschland, Bundesrepublik</subfield>
    <subfield code="A">GND</subfield>
    <subfield code="B">GND-040118894</subfield>
    <subfield code="C">451</subfield>
  </datafield>
  <datafield tag="GGN" ind1=" " ind2=" ">
    <subfield code="a">República Federal de Alemania</subfield>
    <subfield code="g">Deutschland, Bundesrepublik</subfield>
    <subfield code="A">GND</subfield>
    <subfield code="B">GND-040118894</subfield>
    <subfield code="C">451</subfield>
  </datafield>
  <datafield tag="GGN" ind1=" " ind2=" ">
    <subfield code="a">Republik Federasi Djerman</subfield>
    <subfield code="g">Deutschland, Bundesrepublik</subfield>
    <subfield code="A">GND</subfield>
    <subfield code="B">GND-040118894</subfield>
    <subfield code="C">451</subfield>
  </datafield>
  <datafield tag="GGN" ind1=" " ind2=" ">
    <subfield code="a">Republika Federalna Niemiec</subfield>
    <subfield code="g">Deutschland, Bundesrepublik</subfield>
    <subfield code="A">GND</subfield>
    <subfield code="B">GND-040118894</subfield>
    <subfield code="C">451</subfield>
  </datafield>
  <datafield tag="GGN" ind1=" " ind2=" ">
    <subfield code="a">République Fédérale d'Allemagne</subfield>
    <subfield code="g">Deutschland, Bundesrepublik</subfield>
    <subfield code="A">GND</subfield>
    <subfield code="B">GND-040118894</subfield>
    <subfield code="C">451</subfield>
  </datafield>
  <datafield tag="GGN" ind1=" " ind2=" ">
    <subfield code="a">RFN</subfield>
    <subfield code="4">abku</subfield>
    <subfield code="i">Abkuerzung</subfield>
    <subfield code="A">GND</subfield>
    <subfield code="B">GND-040118894</subfield>
    <subfield code="C">451</subfield>
  </datafield>
  <datafield tag="GGN" ind1=" " ind2=" ">
    <subfield code="a">Saksan Liittotasavalta</subfield>
    <subfield code="g">Deutschland, Bundesrepublik</subfield>
    <subfield code="A">GND</subfield>
    <subfield code="B">GND-040118894</subfield>
    <subfield code="C">451</subfield>
  </datafield>
  <datafield tag="GGN" ind1=" " ind2=" ">
    <subfield code="a">Westdeutschland</subfield>
    <subfield code="g">Bundesrepublik, 1949-1990</subfield>
    <subfield code="A">GND</subfield>
    <subfield code="B">GND-040118894</subfield>
    <subfield code="C">451</subfield>
  </datafield>
</record>
